@misc{gurobi,
    author = "Gurobi Optimization, Inc.",
    title = "Gurobi Optimizer Reference Manual",
    year = 2016,
    howpublished = {\url{http://www.gurobi.com}}
}
@article{panda,
    year={2015},
    issn={2192-4406},
    journal={EURO Journal on Computational Optimization},
    doi={10.1007/s13675-015-0040-0},
    title={{PANDA}: a software for polyhedral transformations},
    url={{http://dx.doi.org/10.1007/s13675-015-0040-0}},
    publisher={Springer Berlin Heidelberg},
    keywords={Polyhedra; Facet enumeration; Vertex enumeration; 52Bxx; 90C27},
    author={LÃ¶rwald, Stefan and Reinelt, Gerhard},
    pages={1-12},
    language={English}
}
@article{wurman2008coordinating,
  title={Coordinating hundreds of cooperative, autonomous vehicles in warehouses},
  author={Wurman, Peter R and D'Andrea, Raffaello and Mountz, Mick},
  journal={AI magazine},
  volume={29},
  number={1},
  pages={9},
  year={2008}
}
@inproceedings{rubrico2004route,
  title={Route generation for warehouse management using fast heuristics},
  author={Rubrico, Jose Ildefonso U and Ota, Jun and Tamura, Hirofumi and Akiyoshi, Masataka and Higashi, Toshimitsu},
  booktitle={Intelligent Robots and Systems, 2004.(IROS 2004). Proceedings. 2004 IEEE/RSJ International Conference on},
  volume={2},
  pages={2093--2098},
  year={2004},
  organization={IEEE}
}
@article{calinescu2008reconfigurations,
  title={Reconfigurations in graphs and grids},
  author={Calinescu, Gruia and Dumitrescu, Adrian and Pach, J{\'a}nos},
  journal={SIAM Journal on Discrete Mathematics},
  volume={22},
  number={1},
  pages={124--138},
  year={2008},
  publisher={SIAM}
}
@article{meindl2012analysis,
  title={Analysis of commercial and free and open source solvers for linear optimization problems},
  author={Meindl, Bernhard and Templ, Matthias},
  journal={Eurostat and Statistics Netherlands within the project ESSnet on common tools and harmonised methodology for SDC in the ESS},
  year={2012}
}
@misc{cplex,
    howpublished = {\url{http://www-01.ibm.com/software/integration/optimization/cplex-optimizer/}},
    month = {Last},
    title = {{IBM ILOG CPLEX Optimizer}},
    year = {2016}
}
@misc{xpress,
    howpublished = {\url{http://www.fico.com/en/products/fico-xpress-optimization-suite}},
    month = {Last},
    title = {{FICO Xpress Optimization Suite}},
    year = {2016}
}
@misc{mittleman,
    author={Hans D. Mittlemann},
    howpublished = {\url{http://plato.asu.edu/talks/ismp2015.pdf}},
    title = {{The State-Of-The-Art in Optimization Software}},
    month = {July},
    year = {2015},
    note = {Talk given at \textit{The International Symposium on
        Optimization}}
}
@misc{gurobiparams,
    author = "Gurobi Optimization, Inc.",
    title = "Gurobi Optimizer Reference Manual - Parameters",
    year = 2016,
    howpublished = {\url{https://www.gurobi.com/documentation/6.5/refman/parameters.html}}
}
@article{magic7,
  title={The magical number seven, plus or minus two: some limits on our capacity for processing information.},
  author={Miller, George A},
  journal={Psychological review},
  volume={63},
  number={2},
  pages={81},
  year={1956},
  publisher={American Psychological Association}
}
